@inproceedings{heintzmann1999laterally,
  title={Laterally modulated excitation microscopy: improvement of resolution by using a diffraction grating},
  author={Heintzmann, Rainer and Cremer, Christoph G},
  booktitle={BiOS Europe'98},
  pages={185--196},
  year={1999},
  organization={International Society for Optics and Photonics}
}
